<?xml version="1.0" encoding="UTF-8" ?><marc:collection xmlns:marc="http://www.loc.gov/MARC21/slim" xmlns:xsi="http://www.w3.org/2001/XMLSchema-instance" xsi:schemaLocation="http://www.loc.gov/MARC21/slim http://www.loc.gov/standards/marcxml/schema/MARC21slim.xsd">
<marc:record><marc:leader>01537cam a2200325Ma 4500</marc:leader>
<marc:controlfield tag="001">b14493615</marc:controlfield>
<marc:controlfield tag="003">UaCaAUL</marc:controlfield><marc:controlfield tag="005">20080414060947.0</marc:controlfield><marc:controlfield tag="008">940304s1936    sy            000 0 ara d</marc:controlfield><marc:datafield tag="035" ind1=" " ind2=" "><marc:subfield code="a">(OCoLC)40874247</marc:subfield></marc:datafield><marc:datafield tag="040" ind1=" " ind2=" "><marc:subfield code="a">HLS</marc:subfield><marc:subfield code="c">HLS</marc:subfield><marc:subfield code="d">OCL</marc:subfield></marc:datafield><marc:datafield tag="066" ind1=" " ind2=" "><marc:subfield code="c">(3</marc:subfield></marc:datafield><marc:datafield tag="090" ind1=" " ind2=" "><marc:subfield code="a">BP144</marc:subfield><marc:subfield code="b">.A718 1936</marc:subfield></marc:datafield><marc:datafield tag="100" ind1="1" ind2=" "><marc:subfield code="6">880-01</marc:subfield><marc:subfield code="a">Anṣārī, Zakarīyā ibn Muḥammad,</marc:subfield><marc:subfield code="d">ca. 1423-ca. 1520.</marc:subfield></marc:datafield><marc:datafield tag="245" ind1="1" ind2="3"><marc:subfield code="6">880-02</marc:subfield><marc:subfield code="a">al-Iʻlām wa-al-ihtimām bi-jamʻ Fatāwá Shaykh al-Islām Abī Yahỵá Zakarīyā ibn Muhạmmad al-Ansạr̄ī /</marc:subfield><marc:subfield code="c">waqafa ʻalá tạbʻihā wa-sạddarahā bi-tarjamat al-muʼallif Ahṃad ʻUbayd.</marc:subfield></marc:datafield><marc:datafield tag="260" ind1=" " ind2=" "><marc:subfield code="6">880-03</marc:subfield><marc:subfield code="a">Dimashq :</marc:subfield><marc:subfield code="b">al-Maktabah al-ʻArabīyah,</marc:subfield><marc:subfield code="c">1355 [1936]</marc:subfield></marc:datafield><marc:datafield tag="300" ind1=" " ind2=" "><marc:subfield code="a">512 p. ;</marc:subfield><marc:subfield code="c">25 cm.</marc:subfield></marc:datafield><marc:datafield tag="650" ind1=" " ind2="0"><marc:subfield code="a">Fatwas</marc:subfield><marc:subfield code="v">Early works to 1800.</marc:subfield></marc:datafield><marc:datafield tag="650" ind1=" " ind2="0"><marc:subfield code="a">Islamic law</marc:subfield><marc:subfield code="v">Early works to 1800.</marc:subfield></marc:datafield><marc:datafield tag="650" ind1=" " ind2="0"><marc:subfield code="a">Islam</marc:subfield><marc:subfield code="x">Customs and practices</marc:subfield><marc:subfield code="v">Early works to 1800.</marc:subfield></marc:datafield><marc:datafield tag="700" ind1="1" ind2=" "><marc:subfield code="6">880-04</marc:subfield><marc:subfield code="a">ʻUbayd, Aḥmad.</marc:subfield></marc:datafield><marc:datafield tag="752" ind1=" " ind2=" "><marc:subfield code="a">Syria</marc:subfield><marc:subfield code="d">Damascus.</marc:subfield></marc:datafield><marc:datafield tag="880" ind1="1" ind2=" "><marc:subfield code="6">100-01/(3/r</marc:subfield><marc:subfield code="a">أنصاري: زكريا بن محمد...</marc:subfield></marc:datafield><marc:datafield tag="880" ind1="1" ind2="2"><marc:subfield code="6">245-02/(3/r</marc:subfield><marc:subfield code="a">الإعلام والاهتمام بجمع فتاوى شيخ الاسلام أبي يحيى زكريا بن محمد الأنصاري /‪</marc:subfield><marc:subfield code="c">وقف على طبعها وصدرها بترجمة المؤلف أحمد عبيد...</marc:subfield></marc:datafield><marc:datafield tag="880" ind1=" " ind2=" "><marc:subfield code="6">260-03/(3/r</marc:subfield><marc:subfield code="a">دمشق :‪</marc:subfield><marc:subfield code="b">المكتبة العربية:‪</marc:subfield><marc:subfield code="c">1355 [1936]</marc:subfield></marc:datafield><marc:datafield tag="880" ind1="1" ind2=" "><marc:subfield code="6">700-04/(3/r</marc:subfield><marc:subfield code="a">عبيد: أحمد...</marc:subfield></marc:datafield><marc:datafield tag="907" ind1=" " ind2=" "><marc:subfield code="a">.b14493615</marc:subfield><marc:subfield code="b">main </marc:subfield></marc:datafield><marc:datafield tag="902" ind1=" " ind2=" "><marc:subfield code="a">170302</marc:subfield></marc:datafield><marc:datafield tag="998" ind1=" " ind2=" "><marc:subfield code="b">2</marc:subfield><marc:subfield code="c">080414</marc:subfield><marc:subfield code="d">m</marc:subfield><marc:subfield code="e">a</marc:subfield><marc:subfield code="f">-</marc:subfield><marc:subfield code="g">3</marc:subfield><marc:subfield code="k">MAH</marc:subfield></marc:datafield><marc:datafield tag="945" ind1=" " ind2=" "><marc:subfield code="l">main </marc:subfield></marc:datafield></marc:record>
</marc:collection>
